@online{template,
author={asdf j. zxcv},
title={test title},
url={https://en.wikipedia.org/wiki/OpenCog},
journal={Wikipedia},
volume={1},
publisher={Wikimedia Foundation},
year={2023},
month={02},
pages={5--7},
}%This is an EXAMPLE.