@online{example,
author={Doe, John}, %Should always be {Last, First} for IEEE to initialize first name properly.
title={test title},
url={https://en.wikipedia.org/wiki/OpenCog}, %arbitrary wikipedia page
journal={Wikipedia},
volume={1},
publisher={Wikimedia Foundation},
year={2023},
month={02},
pages={5--7},
}%This is an EXAMPLE merely for ensuring the biblatex code is working as expected.